4784 5888
965 691 1172 806 ,7.

298 868 556 970 baeertm‘fieri
572 889 726 988 incipit,
751 885 1041 962 Potentillarum
1067 907 1184 983 genus
1204 883 1508 984 deprehenditur.
1561 893 1676 987 Saepe
1691 884 1731 964 in
1750 917 1833 992 per.

257 1111 265 1125 Ι
296 1031 518 1104 lustratione
543 1025 741 1124 regionum
765 1031 941 1140 Europae
965 1000 1139 1095 australis
1166 1039 1203 1094 et
1225 1021 1369 1096 mediae
1396 1041 1661 1100 montosarum
1688 1036 1832 1130 planta.

298 1188 461 1260 rumque
488 1163 602 1260 longe
635 1159 939 1236 felicissimarum
959 1158 1205 1232 Potentillam
1237 1181 1390 1232 aureum
1412 1159 1541 1234 videre
1564 1167 1723 1240 memini
1743 1193 1831 1245 curu

298 1295 494 1395 speciebus
511 1297 709 1370 nonnullis
733 1270 1005 1368 Gentianarurn
1025 1297 1430 1392 Rsnnueulorumque,
1463 1319 1550 1368 cum
1568 1297 1734 1370 Primula
1758 1297 1829 1392 mi-

297 1433 421 1518 nima,
448 1432 663 1504 Soldanella
679 1431 823 1528 alpina,
860 1429 1346 1530 Saxifragaoppositifolia,
1377 1431 1730 1539 Pediculariumque
1748 1449 1830 1534 spe·

299 1558 659 1676 ciebusnonnullis,
689 1568 853 1672 aliisque
868 1589 958 1638 cum
981 1568 1126 1662 plantis
1144 1567 1408 1662 pulcherrimis
1418 1555 1435 1656 ¹,
1474 1562 1829 1666 alpiumaltissima-

298 1725 386 1774 runs
408 1701 658 1788 ornamentis,
702 1699 815 1774 flores
841 1725 969 1774 amesa
999 1703 1046 1776 ad
1071 1701 1279 1812 marginem
1303 1704 1408 1778 nivis
1436 1705 1612 1800 perennis
1632 1699 1829 1800 explicere,

278 1811 507 1932 'eorumque
529 1821 751 1932 temporum*
762 1836 931 1938 insignes
949 1855 988 1910 et
1003 1838 1278 1938 pulcherrimae
1291 1821 1473 1941 imagines
1489 1857 1606 1913 nunc·
1620 1841 1733 1913 etiam
1750 1842 1828 1916 ani·

297 1971 408 2044 mum
430 1973 655 2048 suavissime
681 1971 870 2078 alliciunt,
911 1994 956 2051 ut
980 1975 1077 2050 solet
1102 1973 1229 2076 rerum
1250 1976 1609 2070 jucundissimarum
1629 1967 1841 2080 memo‘r'iao'

399 2113 448 2178 ln
470 2109 661 2184 Americae
682 2112 868 2186 calidioris
884 2113 1075 2186 montium
1089 2113 1332 2213 jugis'etiam'
1349 2113 1626 2186 Humboldtius
1648 2117 1830 2192 Potentil·
1851 2153 1855 2166 ·
1946 2107 1949 2114 ⁴

298 2237 380 2314 lam¹
391 2240 532 2314 detexit
552 2245 594 2317 in
615 2267 705 2340 1505
727 2247 1009 2345 hexapodarum
1023 2249 1244 2338 altitudine,
1283 2267 1321 2322 et
1339 2249 1385 2322 in
1404 2250 1549 2348 alpium
1575 2265 1715 2336 tractu,
1759 2254 1827 2350 qui

297 2378 493 2472 Europam
511 2379 558 2450 ab
582 2380 670 2452 Asia
685 2401 830 2476 separat
849 2385 1028 2491 Pallasius
1053 2389 1180 2480 plures
1203 2387 1351 2462 invenit
1374 2388 1520 2485 generis
1537 2385 1827 2460 Potentillarum
1879 2429 1882 2434 ·

299 2510 442 2604 species
451 2513 509 2578 his
518 2509 737 2606 regionibus
747 2509 965 2602 peculiares,
987 2503 1131 2602 quaein
1149 2513 1518 2591 merismalrirndine
1534 2511 1629 2592 laete
1642 2507 1827 2606 crescunt,

298 2637 366 2713 ubi
383 2663 567 2738 perpauca
586 2656 735 2710 tantum
754 2639 1004 2736 vegetationis
1023 2641 1179 2739 vestigia
1197 2642 1449 2739 reperiuntur.

402 2783 462 2850 Ex
481 2769 660 2848 omnibus
677 2775 824 2873 generis
847 2771 1140 2854 Potentillarum
1164 2777 1357 2872 speciebus
1373 2780 1566 2877 hucusque
1592 2769 1754 2882 cognitis
1778 2793 1826 2862 26

292 2891 342 2988 in
357 2907 533 3009 llriropr,
568 2911 673 2998 asin
687 2910 796 2997 Asia,
824 2925 862 2980 et
876 2909 1029 2988 nonnii
1048 2935 1070 3004 9
1091 2912 1133 2985 in
1149 2912 1321 2983 America
1338 2912 1396 2983 his
1414 2914 1631 3010 regionibus
1648 2920 1828 3016 propriae

189 3044 191 3054 '
298 3047 560 3124 inveniuntur.
610 3011 820 3151 Perpaucbe
834 3044 876 3118 in
899 3045 1046 3120 duabus
1062 3063 1127 3116 ant
1140 3046 1262 3120 tribus
1281 3055 1398 3120 terrae
1412 3049 1580 3144 partibus
1600 3069 1666 3126 sua
1691 3075 1829 3152 sponte
1845 3020 1861 3078 ’ἢ

300 3184 549 3286 proveniunt,
574 3206 646 3254 nec
665 3181 742 3252 ulla
759 3183 956 3277 hucusque
971 3182 1014 3254 in
1031 3187 1145 3258 Nova
1161 3182 1366 3254 Hollandia
1382 3195 1525 3279 reperta
1543 3204 1610 3272 est,
1636 3167 1828 3266 ‹luae‘tam

302 3337 388 3392 tum
410 3322 451 3392 in
471 3317 617 3404 Africa,
658 3341 887 3416 quamquam
909 3304 1045 3404 harum'
1067 3318 1265 3416 regionum
1277 3333 1404 3416 partes
1426 3321 1634 3394 nonnullas
1658 3324 1827 3401 botanici

302 3455 430 3552 plures
457 3428 555 3525 cuns*
571 3477 719 3526 summa
744 3476 834 3524 cura
864 3470 901 3524 et
926 3452 1121 3550 diligentia
1151 3453 1485 3550 perlustraverunt.
1536 3458 1852 3536 Potentillarum.

270 3589 579 3662 -nonnullarum
603 3590 646 3660 in
670 3612 709 3659 re
732 3587 875 3659 medica
892 3611 1019 3680 ususa
1046 3587 1220 3684 plurimis
1245 3589 1484 3684 superiorum
1506 3575 1766 3668 botanicorum
1789 3615 1827 3668 et

301 3724 537 3820 melicorum
551 3748 663 3819 quam
683 3722 849 3794 maxime
868 3720 1154 3794 commendatur
1175 3724 1239 3820 ³⁴).
1289 3723 1346 3796 Ac
1373 3722 1431 3794 bis
1460 3721 1694 3820 temporibus
1720 3731 1827 3826 plan·

301 3883 426 3938 tarum
447 3860 545 3936 vires
560 3857 726 3932 medicae
743 3855 904 3954 singulis
920 3855 1066 3930 morbis
1080 3853 1257 3952 probatae
1281 3855 1323 3929 in
1345 3881 1477 3932 omnes
1497 3882 1605 3956 saepe
1622 3863 1746 3936 valere
1765 3864 1826 3957 ju·

224 3987 257 4034 ’·
303 3996 444 4070 dicatae
467 4011 568 4075 sunt.
618 3993 769 4068 Nostris
787 4007 913 4064 autem
927 3990 1162 4088 temporibus
1180 3997 1263 4066 Pot.
1279 4008 1430 4069 tantum
1452 3997 1694 4070 Tonneatilla
1710 4023 1827 4076 reme-

245 4257 251 4262 ¹
304 4253 598 4276 Μ

337 4383 385 4452 ab)
403 4384 564 4452 Exemplum
580 4381 678 4436 rddere
702 4381 778 4434 lubet
795 4399 826 4434 ex
849 4381 899 4433 illo
923 4393 1027 4436 uatum
1048 4381 1139 4448 libro,
1171 4357 1221 4450 spir
1233 4381 1387 4440 inscribitur
1403 4383 1660 4440 Tabernaemoutsni
1680 4386 1825 4440 Kraemer-

372 4488 458 4553 bucb,
476 4487 522 4540 ubi
544 4487 702 4538 inanitione
719 4488 881 4540 Baubiuirua
903 4507 927 4540 s.
950 4485 1025 4558 1664.
1049 4487 1128 4551 edita,
1154 4506 1214 4558 pag.
1230 4471 1614 4558 556-559‘Poteutillarubt
1630 4507 1693 4542 usus
1708 4489 1828 4542 medicus

375 4605 467 4646 conus
489 4609 580 4646 omues
597 4583 651 4646 iere
671 4587 785 4644 omniuo
803 4588 911 4644 morbci
936 4589 1146 4644 commendator.
