4784 5888
1362 654 1384 712 2

603 847 949 944 ritissimorumque
969 847 1161 922 voluntati
1195 846 1432 946 obsequutus
1467 867 1580 947 etque
1613 849 1837 938 sententiae,
1869 819 2013 946 publici
2044 853 2139 928 hsce.

602 997 697 1094 juris
722 997 841 1070 facere
861 997 903 1069 in
924 998 1127 1094 lucemque
1154 999 1325 1071 emittere
1346 997 1542 1076 constitui.

707 1149 923 1246 specierum
969 1147 1148 1220 omnibus
1190 1167 1371 1222 notarum
1404 1147 1690 1244 descriptiones,
1716 1147 1910 1258 'pluribus
1946 1152 2135 1240 locorum,

603 1324 705 1406 quos
731 1303 773 1374 in
808 1301 1034 1394 synonymia
1066 1293 1252 1406 indicavi,
1282 1299 1371 1372 setis
1404 1298 1482 1390 jem
1507 1287 1797 1394 descriptarum,
1819 1258 1879 1376 ⁸ne
1903 1304 2059 1376 nimiam
2098 1307 2141 1378 in

606 1456 750 1530 molem
771 1421 997 1522 excresceret
1013 1448 1180 1535 libellus,
1201 1466 1390 1545 quantum
1416 1445 1498 1519 fieri
1521 1448 1668 1544 potuit,
1695 1433 1737 1521 in
1763 1467 1967 1546 angustum
1988 1457 2142 1527 conclu-

609 1609 668 1721 si,
689 1561 770 1678 n'ec'
785 1625 914 1673 earum
934 1601 1080 1698 protuli
1098 1597 1304 1698 imagines,
1334 1621 1435 1694 quae
1458 1594 1536 1689 jem
1559 1597 1602 1668 in
1628 1596 1762 1669 libello
1784 1600 2022 1704 Nestlerianp
2044 1605 2144 1678 aliis·

610 1781 659 1832 ve
685 1755 848 1828 eliorum
867 1749 1071 1854 hominum
1097 1749 1246 1846 scriptis
1266 1749 1356 1846 setis
1378 1747 1557 1820 distincte
1574 1729 1680 1821 erant
1693 1769 1900 1846 expressae.

591 1972 597 1982 ,
714 1900 990 1996 synonymiem
1017 1899 1146 1984 exiis,
1173 1921 1267 1995 quae
1292 1897 1365 1970 alio
1387 1895 1624 1992 temporede
1661 1901 1742 1972 utili
1775 1901 2000 1992 synonymia
2016 1898 2144 1998 dispu-

614 2056 712 2142 tavi,
738 2069 817 2125 tam
830 2049 985 2145 plenem
1001 2047 1186 2135 indicavi,
1213 2069 1331 2146 quam
1356 2046 1476 2120 literis
1500 2047 1656 2122 utilitati
1678 2048 1762 2124 fore
1786 2049 1987 2129 videbatur
2017 2073 2149 2148 resque

613 2201 858 2305 patiebantur.
911 2197 983 2274 Seri
1005 2223 1055 2272 ne
1081 2197 1247 2270 nimium
1266 2199 1336 2272 hac
1357 2224 1398 2300 re
1419 2223 1517 2296 opus
1538 2199 1738 2286 existeret,
1759 2199 1920 2272 aliorum
1944 2199 2144 2299 diagnoses

556 2433 559 2439 ,
615 2351 861 2453 umisiyelin
884 2345 1079 2449 speciebus
1102 2348 1228 2422 minus
1248 2349 1422 2448 cognitis.
1478 2355 1696 2446 Quemtem
1718 2373 1763 2422 eo
1785 2343 1903 2452 me'gis
1928 2327 2147 2424 excusstem

612 2503 697 2584 tore
723 2494 939 2602 speramus,¹
980 2499 1082 2586 qumi
1106 2501 1146 2562 in
1170 2501 1248 2572 hin,
1272 2487 1775 2586 uberiusamedescriptis,
1815 2518 1878 2578 ea,
1921 2521 2017 2592 quae
2048 2495 2145 2570 dim

616 2663 723 2726 erent
738 2648 780 2718 in
804 2639 999 2740 disgnosi,
1043 2636 1199 2734 repetita
1220 2651 1311 2708 sunt
1337 2634 1380 2708 in
1404 2632 1677 2746 descriptione,
1704 2635 1890 2736 siquidem
1908 2639 1993 2716 cuni
2011 2662 2144 2720 natura

617 2815 826 2900 congruere
847 2786 1086 2872 videbantur.

714 2947 873 3024 Utinam
892 2914 995 3046 grate
1016 2938 1064 3014 sit
1077 2925 1291 3042 legentibus
1310 2964 1424 3056 opere
1440 2929 1529 3014 haec
1544 2958 1675 3015 nostre
1690 2959 1803 3040 etque
1818 2927 2019 3045 exoptata,¹
2056 2953 2143 3028 Hoc

611 3085 712 3180 oeite
729 3097 964 3196 intelligent,
998 3091 1103 3189 ipsos
1119 3116 1192 3164 nos
1215 3117 1296 3164 rem
1313 3092 1545 3186 examinasse
1561 3090 1793 3190 seduloque,
1821 3121 1914 3194 quae
1937 3099 2012 3171 huc
2031 3078 2142 3196 perii.

612 3267 767 3344 nerent,
805 3243 1011 3320 contulisse
1033 3240 1183 3327 omnia,
1224 3263 1295 3312 nec
1312 3241 1481 3316 studium
1497 3237 1609 3312 nobis
1620 3239 1791 3350 ¹defuisse
1813 3260 1878 3316 aut
1896 3242 2140 3344 diligentiam.
