4776 5886
1343 681 1421 749 122
1489 658 1491 666 ’

604 903 704 973 vata,
727 871 1102 952 rotundato-obtusa
1123 869 1191 944 rel
1215 867 1432 954 subretusa',
1471 865 1641 966 margine
1663 865 1870 964 aequaliter
1889 863 2140 942 obtusa-cra·

608 1038 714 1104 nata,
739 1013 826 1111 pilis
844 1006 1121 1092 subtilissimis,
1148 1001 1436 1080 confertissimis
1463 1020 1562 1075 arcte
1583 1001 1793 1098 adpressis,
1832 1001 1989 1092 stellatis
2009 999 2140 1076 subin·

609 1177 713 1241 cana,
732 1172 850 1248 supra
866 1145 986 1244 magis
1004 1141 1142 1240 pallide
1152 1137 1306 1215 ·viridia
1323 1135 1435 1214 venis
1449 1138 1605 1212 elevatis
1619 1135 1806 1234 parallelis
1821 1134 2038 1232 praesertim
2056 1137 2144 1210 sub·

608 1311 672 1365 tus
688 1301 832 1369 notata,
855 1278 1020 1352 lateralia
1038 1275 1207 1354 infoliis-
1219 1271 1385 1372 quinatis
1407 1273 1531 1344 multo
1548 1270 1709 1344 minora.
1776 1268 2144 1365 stipulaefoliorum

596 1421 831 1496 ‘radicatum
866 1413 1098 1486 lanceolatae
1122 1401 1391 1507 longissimae,
1439 1404 1667 1478 caulinorum
1688 1405 1844 1478 latiores
1862 1419 1915 1477 -et
1938 1403 2144 1488 breviores,

609 1559 739 1635 Flores
752 1553 794 1646 ia
804 1573 961 1622 summo
988 1548 1113 1632 caule,
1141 1543 1264 1630 erecti,
1290 1544 1378 1640 plus
1398 1541 1581 1616 minusve,
1596 1538 1810 1636 pedicellati
1825 1537 1983 1610 bratteis
2006 1537 2144 1612 oblon-

497 1693 507 1702 ‘
610 1714 661 1792 go
674 1683 910 1792 danteolatis
926 1681 1151 1776 plerumque
1169 1655 1421 1776 integerrimis
1440 1668 1598 1748 suffulti.
1650 1677 1796 1774 (lelycis
1808 1671 1955 1752 foliola
1969 1673 2147 1771 inaequa-

514 1842 519 1860 ’·
614 1827 685 1911 lia,
732 1823 912 1892 anteriora
933 1812 1088 1885 linearia
1112 1812 1238 1884 multo
1261 1809 1410 1882 minora
1434 1826 1474 1879 et
1496 1807 1691 1894 breviora,
1718 1811 1894 1886 interiora
1911 1807 2146 1883 ovato-ob-

615 1963 757 2056 longa,
780 1954 904 2026 onmia
926 1944 1201 2020 obtusiuscula.
1267 1945 1420 2017 Corolla
1442 1939 1549 2017 flava.
1610 1943 1737 2016 Petale
1761 1941 1965 2018 obcordata
1990 1941 2169 2018 foliolis<

613 2088 792 2188 aalysinis
807 2078 1052 2156 exterioribus
1071 2077 1190 2174 duplo
1205 2077 1392 2176 longiora.
1451 2077 1620 2150 Athenis
1638 2101 1976 2176 venosoqurosn,
1995 2077 2147 2174 pallida.

590 2237 591 2244 ἵ
619 2260 708 2338 obs.
724 2261 755 2338 Ι.
807 2247 975 2324 Nomine
997 2251 1038 2324 P.
1063 2242 1278 2319 subacaulis
1297 2244 1472 2318 inlibris
1489 2241 1674 2318 botaniois
1695 2243 1953 2344 herbariisque
1976 2245 2073 2320 duae
2091 2273 2149 2320 re·

618 2393 625 2402 '
716 2388 918 2492 pariuntur
934 2383 1083 2481 plantae
1099 2379 1260 2453 omnino
1276 2380 1462 2466 diversae,
1489 2401 1652 2476 quarum
1669 2381 1759 2470 uni,
1782 2407 1877 2480 quae
1894 2383 1980 2456 satis
1997 2385 2148 2480 pervul·

719 2543 804 2624 gata
827 2519 997 2602 videtur,
1034 2517 1162 2613 plura,
1195 2515 1311 2588 modo
1333 2515 1375 2588 in
1397 2513 1624 2610 synonymia
1638 2532 1788 2610 notata,
1813 2517 1970 2592 nomina
1983 2518 2026 2591 in
2044 2517 2147 2596 floris

618 2669 627 2684 ⁶
719 2657 890 2759 plurium
906 2652 1102 2750 regionum
1119 2648 1237 2720 indita
1252 2667 1353 2726 sunt.
1406 2655 1554 2722 Harum
1576 2651 1849 2744 permultarum
1872 2655 1915 2732 P.
1939 2652 2148 2760 subauaulis

609 2792 625 2814 ’“
644 2881 648 2890 ,
716 2797 763 2872 in
778 2789 938 2866 diversis
954 2783 1177 2885 reg-ionibus
1195 2783 1551 2856 denominationum
1563 2781 1720 2857 fortasse
1733 2787 1898 2858 in-causa
1913 2779 1970 2908 es't
1984 2789 2152 2866 irrcertus

716 2927 944 3010 foliolorum
970 2940 1172 3010 numerus3
1208 2939 1299 2997 nam
1318 2919 1367 2991 'in
1390 2917 1611 3018 regionibus
1635 2913 1824 3024 montosis
1860 2939 1899 2993 et
1928 2924 2150 3022 subalpinis,

719 3063 821 3137 locis
836 3060 997 3158 petrosis
1013 3055 1141 3142 siccis,
1168 3052 1235 3126 ubi
1257 3055 1354 3127 hano
1366 3055 1636 3153 vplaantamsvidi
1657 3055 1841 3156 usquead
1859 3081 1958 3150 4500
1980 3061 2063 3157 ped
2084 3067 2152 3137 Ρη.

721 3165 787 3275 ὗε.
804 3191 1063 3276 altitudinem,
1110 3185 1337 3288 plerumque
1366 3189 1479 3262 habet
1499 3187 1591 3264 folia
1617 3208 1796 3282 temate,
1816 3193 1938 3268 rarius
1964 3199 2151 3272 nonnulla

724 3347 818 3408 sunt
835 3342 1054 3426 quatemata
1070 3325 1139 3399 uel
1157 3324 1330 3424 quinata,
1352 3323 1399 3396 in
1419 3322 1557 3420 quibus
1573 3323 1707 3400 foliola
1725 3329 1891 3404 lateralia
1912 3333 2035 3406 multo
2061 3352 2153 3424 sunt

619 3482 630 3560 ᾗ
718 3465 852 3541 ceteris
870 3464 1029 3535 minora.
1100 3465 1148 3532 In
1179 3457 1399 3560 regionibus
1422 3445 1628 3534 humilibus
1648 3463 1792 3559 planis,
1817 3483 1860 3536 ut
1889 3465 1987 3562 apud
2006 3469 2155 3545 Beroli·

720 3625 823 3676 num
838 3618 875 3672 et
891 3585 1183 3672 Francofurtum
1199 3597 1246 3669 ad
1270 3603 1476 3680 Moenum,
1501 3594 1569 3666 ubi
1593 3598 1683 3670 haee
1704 3601 1832 3694 planta
1858 3601 2074 3699 saepissime
2089 3629 2153 3678 oc·

727 3737 865 3822 currit,
881 3731 1047 3834 plurima
1061 3729 1156 3816 fere,
1183 3751 1291 3822 saepe
1311 3729 1439 3801 omnia
1463 3727 1555 3802 folia
1574 3731 1728 3826 quinata
1745 3719 1845 3806 sunt.
1897 3741 2065 3810 Incertus
2089 3741 2153 3814 hic

721 3869 951 3945 foliolorum
968 3851 1157 3936 numerus
1181 3864 1223 3934 in
1247 3862 1467 3935 melioribus
1496 3861 1702 3961 figurarum
1725 3868 1962 3954 laudatarum
1986 3895 2069 3944 non
2089 3897 2163 3948 ns.

728 4007 871 4104 glectus
888 4017 942 4074 est
953 4053 963 4087 ,
992 4015 1029 4070 et
1037 4001 1082 4072 ‘in
1099 3994 1300 4072 nonnullis
1316 3996 1525 4083 librorum,
1548 4023 1644 4096 quos
1662 3999 1760 4088 dixi,
1785 4001 1981 4076 mdicatur.
2075 4073 2080 4082 ,

788 4195 917 4278 Altera
933 4202 1069 4306 planta
1094 4198 1140 4272 ab
1165 4201 1232 4271 hae
1253 4195 1478 4274 foliolorum
1502 4197 1624 4292 forma
1643 4201 1898 4302 pluribusque
1924 4205 2008 4280 aliis
2032 4207 2152 4306 signis

601 4346 604 4354 ’
632 4339 636 4344 ’
723 4340 915 4442 primariis
935 4336 1096 4410 omnino
1116 4332 1282 4420 diversa,
1311 4351 1367 4408 est
1381 4339 1422 4412 P.
1438 4335 1647 4410 subaoaulis
1662 4338 1755 4425 ista,
1780 4341 1932 4436 quaein
1952 4343 2154 4420 montibus

619 4549 626 4560 ,
681 4534 684 4542 .
720 4473 906 4572 ‘lapidosis
923 4468 1250 4566 Galloprorinciae
1266 4469 1453 4558 nascitur,
1480 4489 1523 4542 ut
1544 4469 1653 4545 facile
1677 4471 1909 4574 intelligetur
1934 4503 1980 4552 ex
2001 4501 2155 4577 compa·

618 4679 623 4692 ,
652 4677 655 4690 ,
721 4609 872 4708 ratione
889 4604 1094 4706 figurarum
1108 4604 1447 4684 laudatarum-cmo
1463 4605 1575 4702 hujus
1588 4609 1738 4718 plautae
1753 4611 1889 4702 inune,
1920 4639 2040 4714 qutun
2059 4615 2157 4692 olim
