4784 5888
681 1427 1397 1529 PRAEFATIO.

271 2045 456 2164 Diutius
480 2107 603 2184 quum
634 2081 712 2177 jam
744 2057 914 2162 uersarer
945 2087 987 2158 in
1022 2111 1091 2175 eo,
1126 2106 1171 2160 ut
1206 2087 1493 2161 Potentillarum
1520 2109 1637 2185 genus
1669 2079 1802 2156 libello

272 2237 726 2342 illustraremlseparatim
754 2239 921 2326 edendo,
961 2241 1237 2340 monographia
1271 2241 1318 2314 de
1345 2237 1548 2314 Potentilla
1576 2261 1596 2310 a
1622 2234 1800 2307 Nestlero

272 2389 370 2463 edita
395 2390 490 2503 milri
516 2389 624 2462 allata
650 2407 720 2469 est.
771 2395 926 2479 Itaque,
954 2410 1095 2482 quum,
1121 2391 1173 2463 ita
1194 2389 1271 2483 jam
1304 2405 1461 2463 tractato
1491 2389 1623 2487 aliquo
1657 2387 1803 2482 planta·

258 2525 356 2611 'rum
379 2555 532 2634 genere,
556 2553 722 2613 novam,
748 2551 841 2626 quae
861 2551 953 2602 mox
981 2533 1220 2626 sequeretur,
1247 2539 1416 2624 ejusdem
1441 2539 1496 2602 rel
1507 2534 1802 2606 illustrationem

270 2689 431 2764 fortasse
458 2695 769 2779 supervacaneam
796 2677 926 2750 visum
947 2679 995 2752 iri
1023 2679 1218 2752 arbitrarer
1244 2671 1420 2752 aut'certe
1440 2705 1521 2754 uon
1539 2677 1800 2772 necessariam,

271 2839 396 2938 primo
426 2833 539 2908 omisi
566 2829 731 2902 laborem
757 2826 977 2942 institutum
1003 2831 1301 2926 collocatamque
1329 2855 1483 2926 operam
1511 2834 1554 2905 in
1587 2833 1661 2904 hoc
1693 2821 1811 2926 plam'
1880 2849 1883 2854 ·
1992 2929 1996 2936 1

273 3008 395 3060 tarum
421 3007 557 3083 genere
578 2949 819 3056 illustrando,
873 2982 1002 3076 Quum
1028 2997 1154 3053 autem
1181 3005 1242 3068 ea,
1270 3003 1364 3077 quae
1388 2982 1431 3053 in
1451 2982 1555 3052 hunc
1579 3003 1693 3052 usum
1708 3001 1797 3050 con·

235 3099 244 3112 .
273 3159 473 3237 gesseram,
502 3150 538 3204 et
564 3155 657 3229 quae
677 3131 724 3204 da
747 3133 822 3203 hoc
842 3152 978 3228 genere
1001 3098 1221 3204 observasse
1246 3129 1341 3202 mihi
1373 3129 1545 3219 videbar,
1579 3128 1820 3202 Foramina·-

272 3309 433 3383 rumque
457 3261 804 3380 numcr·um,'duac
829 3280 872 3352 in
902 3281 1112 3373 multorum
1143 3305 1333 3353 annorum
1363 3281 1585 3370 itineribus,
1618 3277 1796 3351 maximis

273 3455 310 3516 ct
336 3432 608 3532 copiosissimis
629 3429 809 3504 herbariis
832 3429 1124 3528 perlustrandis,
1151 3433 1350 3528 ‘novisque
1378 3451 1414 3503 et
1434 3433 1525 3504 raris
1553 3430 1748 3528 speciebus
1773 3453 1794 3502 a

269 3586 359 3662 viris
396 3583 483 3654 artis
518 3581 716 3654 botanicae
749 3579 1035 3658 studiosissimis
1070 3567 1379 3677 paritissimisque
1420 3568 1607 3654 benevole
1645 3600 1797 3650 mecum

271 3730 559 3808 communicatis
585 3732 680 3804 mihi
701 3734 968 3820 innotuerant,
1015 3728 1232 3804 conferendi
1268 3751 1365 3805 esset
1398 3731 1548 3806 occasio
1600 3732 1687 3801 c'um
1734 3729 1795 3816 iis,

272 3908 368 3982 quae
389 3881 586 3979 xNestlerus
614 3907 727 3978 quem
755 3883 834 3955 dixi
858 3882 992 3955 libello
1017 3880 1222 3978 praestitit,
1253 3883 1349 3953 hanc
1372 3883 1504 3954 animo
1532 3877 1682 3976 suscepi
1715 3878 1796 3974 opi·

267 4035 446 4116 nionem,
470 4027 629 4104 fortasse
652 4016 777 4102 tamen
801 4033 863 4105 vel
885 4033 938 4104 sic
963 4057 1116 4130 operam
1143 4025 1239 4100 hanc
1258 4051 1429 4103 nostram
1454 4057 1537 4126 non
1562 4051 1717 4129 prorsus
1736 4026 1796 4099 fo·

161 4225 169 4234 ·
269 4209 310 4255 re
339 4179 669 4267 contemnendam,
706 4155 885 4277 qdoniam
908 4181 1005 4270 fere,
1053 4183 1094 4254 in
1116 4205 1154 4254 re
1177 4181 1332 4276 quidem
1357 4175 1502 4251 difficili
1531 4197 1568 4251 et
1592 4179 1796 4274 implicata,

268 4331 390 4429 aliqua
409 4321 707 4404 certarei'solet
729 4330 901 4402 accedere
924 4331 1086 4418 utilitas,
1123 4333 1155 4404 si
1180 4333 1326 4428 plures,
1363 4329 1570 4427 imparibus
1606 4330 1695 4400 licet
1736 4327 1793 4400 vi·

232 4441 393 4566 ¹ribus,
431 4480 608 4554 studium
641 4479 682 4552 in
718 4505 758 4552 ea
792 4505 1022 4577 operamque
1041 4483 1242 4554 collocant.
1297 4481 1442 4581 Quibus
1460 4479 1671 4553 rationibus
1689 4499 1792 4547 com·

268 4647 418 4720 nrotus,
444 4630 722 4729 hommumqu'e
746 4631 988 4730 quorundam
1014 4633 1103 4706 artis
1125 4631 1320 4706 botanicae
1346 4631 1708 4704 studiosissimorum
1729 4647 1793 4720 pe·

1343 4791 1399 4866 (1)

1318 4901 1323 4911 ι
