4784 5888
1002 691 1061 784 ,bb

828 880 1243 988 Descriptio«

376 1047 592 1125 Fruticulus
634 1049 951 1141 romosissimus,·
980 1073 1095 1141 o-4
1111 1049 1275 1148 pedalis,
1319 1044 1458 1122 cortice
1492 1042 1611 1116 turea
1632 1027 1804 1118 solubili

279 1161 572 1314 epidermide·
539 1207 580 1252 ιιι
604 1183 714 1256 ramis
749 1185 963 1264 senioribus
988 1185 1216 1259 dehiscente.
1269 1181 1378 1258 Folia
1408 1178 1587 1252 inferiora
1609 1169 1803 1296 petiolata,

277 1319 433 1420 impari·
440 1295 625 1416 pinnata,
670 1317 797 1418 bijugi
821 1327 886 1391 aut
907 1293 1063 1419 trijuga,
1105 1314 1279 1416 suprema
1302 1293 1683 1426 subsessiliaternata.
1735 1306 1805 1374 Fo-

278 1458 371 1531 liola
369 1453 581 1550 oblongo·
566 1453 829 1527 ·lonceolata'
817 1457 1075 1554 integerrima,
1107 1455 1259 1552 spiculo
1274 1449 1498 1525 brevissimo
1514 1429 1677 1526 notata,
1712 1429 1805 1535 iufe-

265 1597 379 1667 'riora
407 1587 581 1684 opposita
605 1594 792 1685 superiora
818 1589 887 1662 tria
908 1587 1136 1662 confluentia
1168 1605 1205 1660 et
1230 1584 1483 1708 decurrentia,
1533 1579 1657 1651 orrmio
1673 1577 1804 1668 supro

279 1719 673 1818 subglabra,1uniora
695 1723 803 1820 pilis
808 1722 1119 1798 incumbentibus
1147 1725 1342 1810 sericea,
1334 1681 1478 1792 subtus
1500 1709 1695 1812 pallidiore
1718 1702 1803 1776 sub·
1887 1811 1892 1824 Ι

278 1851 521 1928 canescentia.
573 1856 739 1953 stipulae
757 1861 985 1934 lanceolatae
1012 1859 1316 1932 membranaceae
1333 1852 1540 1936 cariosae,
1574 1865 1734 1940 superne
1748 1836 1806 1934 pi·

243 2089 251 2098 '
277 1987 390 2060 losae.
441 1990 573 2062 Floras
588 1992 792 2087 paniculsti
810 2017 935 2068 remos
960 2017 1091 2066 omnes
1109 1991 1373 2086 minantes:
1400 1986 1591 2085 peditellis
1617 1974 1809 2076 elongatis

194 2135 221 2150 ‘
277 2121 407 2222 pilosis
430 2121 473 2192 in
495 2124 622 2198 medio
650 2128 876 2234 plerumque
901 2126 1050 2223 bractea
1075 2128 1239 2225 simplici
1262 2127 1324 2202 vel
1349 2122 1495 2196 duabus
1531 2113 1720 2214 oppositis
1746 2111 1804 2184 in·

276 2255 447 2327 structis·
502 2259 652 2351 calyces
679 2261 901 2356 subvillosi:
941 2259 1086 2336 foliolis
1108 2259 1349 2336 exterioribus
1372 2252 1590 2333 lanceolatis
1626 2275 1695 2350 per
1727 2245 1805 2319 llo·

278 2391 497 2464 nescentiam
523 2417 632 2491 saepe
655 2397 977 2471 excrescentibus:
1021 2397 1174 2470 demum
1204 2394 1382 2492 oblongis
1406 2393 1469 2468 vel
1496 2382 1804 2484 subspathulatis‚

277 2524 468 2596 interdum
501 2526 627 2599 bifidis
658 2547 734 2606 ‚aut
756 2531 884 2604 incisis
891 2556 904 2614 3
934 2503 1174 2604 'interioribus
1198 2529 1336 2626 pallide
1350 2567 1365 2583 ·
1382 2523 1569 2602 viridibus
1585 2515 1802 2594 semiovatis

278 2659 507 2733 acuminatis.
575 2660 726 2734 corolla
750 2661 851 2750 lutea
871 2663 1146 2756 patentissima:
1184 2663 1317 2762 petalis
1344 2660 1510 2734 obovato
1526 2697 1540 2713 ·
1556 2646 1802 2729 subrotundis

277 2793 528 2891 integerrimis
552 2797 711 2886 calycem
729 2793 815 2890 plus
833 2795 1011 2876 minusve
1025 2796 1302 2901 superantibus.
1354 2793 1650 2892 Receptaculunt
1665 2783 1804 2860 hemis·
1848 2877 1857 2888 ἱ

278 2929 495 3025 phaericum
517 2929 709 3005 villosum.
762 3023 765 3031 ἱ

283 3129 373 3204 Obs.
401 3132 529 3204 Variat
545 3147 661 3229 quam
683 3133 845 3204 maxima
863 3135 903 3206 in
920 3133 1076 3208 dirersis
1093 3129 1311 3230 regionibus
1327 3155 1397 3230 pro
1413 3129 1492 3204 loci
1509 3146 1546 3202 et
1567 3126 1640 3202 soli
1657 3143 1804 3208 natura,

377 3269 593 3364 praesertim
626 3266 886 3364 magnitudine
908 3266 1027 3340 totius
1044 3267 1197 3362 plantae
1221 3279 1491 3364 ramorumque
1515 3263 1721 3338 directione
1745 3253 1806 3330 fo·

377 3387 775 3498 liorum‘longitudine
789 3399 989 3472 latitudine
1007 3400 1330 3499 indumentoque,
1356 3426 1453 3498 quae
1472 3404 1514 3472 in
1532 3393 1804 3496 speciminibus
1826 3373 1829 3386 ’

380 3559 426 3608 ex
455 3533 651 3628 Pyrenaeis
680 3532 924 3607 orientalibus
950 3534 1205 3632 Oelandiaquo
1230 3538 1383 3610 australi
1413 3534 1533 3608 allatis
1565 3533 1654 3630 pilis
1679 3529 1804 3602 densis

190 3667 197 3676 ’
281 3693 286 3700 ·
384 3669 566 3764 utrinque
583 3667 724 3738 hirsuta
742 3691 812 3740 nec
835 3669 1045 3742 subviilass
1059 3675 1318 3770 reperirintu13
1341 3674 1382 3746 in
1401 3672 1458 3745 iis·
1476 3687 1621 3754 eutem,
1656 3665 1807 3763 quaein

382 3811 551 3880 Caucaso
574 3801 810 3874 meridionali
828 3820 865 3875 et
885 3804 926 3876 in
950 3805 1115 3878 Davuria
1140 3807 1234 3878 lecta
1256 3786 1368 3891 sunt,
1411 3803 1503 3892 folia
1530 3803 1709 3898 utrinque
1729 3799 1805 3896 gla-

378 3939 465 4026 bra,
511 3939 611 4010 etin
642 3935 912 4032 speciminibus
936 3963 955 4010 e
987 3937 1118 4012 Sibiria
1148 3939 1453 4014 transbaicalensi
1481 3965 1502 4012 e
1530 3937 1805 4030 nonnullisque

377 4074 569 4148 Ameriae
590 4070 893 4166 septentrionalis
909 4071 1129 4172 regionibus
1145 4075 1432 4150 subtonrentosa
1458 4077 1601 4148 cinerea
1621 4089 1657 4142 et
1678 4051 1807 4166 argen-

377 4225 436 4282 tea
453 4208 543 4284 vidi.
597 4207 722 4280 Ειίιιιι
742 4202 879 4279 foliola
904 4209 1069 4301 calycina
1086 4210 1289 4301 exteriora,
1323 4237 1343 4284 a
1360 4213 1532 4284 Nestlero
1547 4207 1706 4280 nomine
1723 4202 1806 4274 bra·

378 4361 545 4422 ctearunt
576 4347 729 4431 notata,
771 4344 813 4414 in
836 4329 994 4414 diversis
1035 4343 1306 4438 sperinrinibus
1335 4362 1372 4418 et
1397 4347 1438 4417 in
1461 4342 1617 4416 diuersis
1645 4337 1803 4412 floribus

378 4476 550 4570 ejusdem
581 4477 707 4572 stirpis
737 4478 939 4550 latitudine
972 4495 1008 4548 et
1034 4478 1275 4576 longitudine
1302 4503 1414 4574 quam
1450 4479 1611 4548 masime
1644 4475 1802 4546 satiant.

333 4591 337 4602 ¹
377 4615 474 4685 Ante
496 4611 671 4686 anthesin
699 4613 925 4711 plerumque
955 4571 1379 4695 lineari-lanceolata,
1422 4610 1805 4708 pertimescendam,
1895 4633 1916 4652 ³

1284 4783 1290 4790 ’
1350 4787 1407 4874 (5)
