4710 5884
997 719 1077 806 193
1174 687 1261 858 Χ

299 1219 307 1228 -
356 1105 737 1343 senonens
775 1182 976 1338 Quas
1001 1191 1717 1358 momaanouatasn.

914 1423 1159 1448 m

215 1651 221 1660 ,
262 1537 406 1672 Plures
427 1555 663 1660 Potentillas,
688 1573 843 1670 quaein
860 1573 1016 1654 diversis
1032 1577 1141 1650 libris
1155 1577 1219 1652 rel
1235 1591 1280 1646 ut
1301 1595 1425 1650 novae
1440 1572 1686 1672 designantur
1710 1591 1794 1666 spe·

263 1707 351 1794 cies,
378 1707 477 1787 mihi,
488 1725 614 1780 autern
631 1685 793 1782 incertae
806 1736 848 1783 ae
859 1711 994 1785 dubiae
1010 1729 1201 1809 apparent,
1229 1711 1316 1809 quia
1331 1734 1454 1807 neque
1470 1683 1676 1806 specimina
1690 1707 1795 1802 ipso·

260 1867 348 1916 turn
381 1833 656 1938 descriptorurir
685 1843 914 1940 inspiciendi
938 1850 1086 1920 occasio
1114 1847 1207 1950 fuit,
1247 1868 1371 1940 neque
1395 1843 1497 1940 ipsae
1522 1839 1794 1936 descriptiones

211 2037 217 2044 .
260 1978 348 2050 satis
364 1993 455 2048 sunt
472 1975 689 2062 distinctae,
711 1995 755 2047 ut
769 1978 860 2048 inde
879 1981 924 2050 de
940 1981 999 2056 his
1016 1979 1155 2070 plantis
1177 1978 1291 2048 statui
1311 1977 1449 2070 possit,
1484 1975 1548 2047 vel
1574 1973 1619 2046 ad
1637 1997 1696 2046 aas
1713 1995 1793 2070 ape-

259 2111 355 2196 cies,
386 2109 524 2206 quibus
549 2109 813 2182 adnumeratae
832 2127 943 2195 sunt,
977 2108 1091 2182 nobis
1110 2133 1192 2181 non
1207 2097 1393 2205 pertin'ere
1410 2106 1611 2192 videntur,
1653 2101 1700 2177 ad
1717 2104 1793 2175 cel·

258 2268 341 2318 eam
359 2267 576 2316 enumerare
599 2243 788 2340 optimum
810 2241 1083 2334 judicavimus,
1125 2268 1174 2316 ne
1196 2265 1329 2342 mpnca
1353 2241 1548 2318 videretur
1569 2264 1683 2338 opera
1697 2239 1792 2312 haec

255 2397 398 2480 ῃεῑτε,
419 2403 544 2476 neque
564 2402 629 2450 eos
646 2403 731 2450 non
747 2379 919 2453 monitos
943 2380 1264 2475 relinqueremus,
1291 2374 1442 2476 quibu·
1454 2373 1616 2452 fortasse
1633 2373 1704 2446 erit
1725 2395 1790 2445 oo·

256 2515 359 2588 casio
375 2531 545 2585 accurata
560 2513 791 2609 copiosaque
806 2513 1058 2612 descriptione
1076 2513 1122 2586 de
1136 2513 1194 2587 his
1205 2512 1436 2592 ,Potentillis
1453 2511 1630 2584 certiores
1649 2534 1719 2583 nos
1734 2506 1791 2582 fa·

255 2647 390 2724 ciendi.
442 2647 595 2724 Plantae
612 2663 739 2760 autem
755 2664 845 2720 sunt
861 2650 949 2726 hae:
1032 2700 1037 2708 ·
1466 2727 1490 2750 Φ

253 2782 505 2867 lPotentille
523 2777 755 2882 (fruticoso)
785 2760 969 2856 Loureiro
992 2785 1047 2860 Fl.
1071 2783 1388 2857 cochinehinens.
1415 2783 1501 2864 Vol,
1531 2803 1670 2878 10pag.
1698 2779 1785 2866 326.

338 2917 496 2993 ‘Crescit
514 2915 556 2988 in
573 2917 781 3012 provinciis
802 2916 1021 2992 borealibus
1045 2917 1278 2993 Sinensibus.
1300 2930 1342 3022 f).

254 3052 348 3130 Oba.
399 3051 571 3125 Dubium
591 3051 713 3126 adhuc
731 3053 826 3126 mihi
850 3053 1022 3140 videtur,
1059 3077 1108 3126 an
1125 3055 1254 3150 planta
1279 3078 1298 3125 a
1322 3053 1513 3126 Loureiro
1536 3051 1722 3150 descripta
1738 3023 1814 3126 atl'

352 3191 394 3262 P.
407 3180 630 3286 fruticosam
648 3187 840 3262 referenda
856 3157 930 3276 sit,
945 3212 1032 3260 cum
1050 3156 1192 3286 spicam
1211 3187 1283 3284 ipsi
1300 3187 1442 3261 tribuat
1458 3187 1677 3286 oblongam,
1695 3187 1786 3262 sim·

352 3321 493 3421 plioem
505 3321 759 3420 paucifioram.
812 3324 966 3423 Reliqua
984 3341 1111 3398 tamen
1129 3347 1223 3424 quae
1247 3324 1294 3396 de
1309 3324 1378 3397 hac
1393 3325 1523 3421 planta
1543 3323 1632 3396 dicit
1647 3330 1687 3396 P.
1704 3319 1784 3396 fru-

351 3455 493 3530 ticosae
507 3459 713 3533 convenire
728 3458 917 3534 videntur.
984 3519 988 3527 .
1584 3445 1588 3454 ’
1706 3551 1711 3562 ,

249 3599 298 3674 Π.
321 3591 524 3665 Potentilla
544 3591 791 3694 (corymboso)
806 3597 976 3676 Pourret,
991 3594 1078 3672 Act.
1095 3597 1226 3674 Telos.
1240 3601 1350 3672 Tom.
1367 3621 1399 3686 3.
1414 3619 1497 3696 pag.
1518 3617 1599 3698 3253
1623 3601 1663 3670 Ρ.
1674 3595 1782 3668 caule

332 3721 592 3814 ‚suffraticoso
609 3727 887 3815 adscendente,
901 3727 1005 3803 foliis
1031 3730 1197 3831 quinatis
1215 3731 1419 3810 tematisve
1432 3733 1593 3826 villosis,
1620 3729 1780 3810 floribus

352 3859 596 3955 corymbosis.
648 3867 820 3942 Pourret.
839 3866 866 3936 l.
884 3887 916 3936 c.
1014 3849 1018 3855 ’
1454 3877 1460 3883 ’

417 3997 559 4072 Crescit
574 3997 615 4070 in
630 3997 831 4078 catalonia.

247 4136 315 4211 111.
338 4124 542 4205 Potantilla
558 4131 835 4226 (Dethomosii)
857 4131 960 4206 foliis
980 4133 1144 4232 quinatis
1163 4135 1398 4256 radicalibus.
1406 4139 1537 4213 rariter
1558 4139 1776 4239 septenatis,

347 4263 491 4340 foliolis
508 4262 682 4346 eboratis
697 4291 827 4365 grosse
844 4269 1004 4343 dentatis
1031 4273 1208 4372 utrinque
1223 4277 1562 4366 sericeo-villosis,
1588 4300 1701 4374 supra
1716 4275 1778 4367 vi·¹

347 4400 579 4474 nascentibus
596 4401 726 4478 subtus
741 4404 908 4492 irtcanis,
932 4405 1036 4480 caule
1052 4406 1249 4486 suberecta
1265 4411 1541 4508 corymbifero,
1563 4430 1777 4508 receptacu-

347 4535 396 4610 lis
410 4537 583 4624 hirsutis,
616 4539 749 4634 petalis
774 4541 1023 4616 subrotundis
1042 4547 1281 4646 emarginatis
1305 4547 1430 4624 luteis.
1465 4617 1470 4637 ,
1506 4557 1655 4623 Tenore
1680 4551 1774 4638 Syn·

346 4677 452 4772 opsia
470 4695 656 4754 novarum
676 4675 892 4774 plantarum
907 4703 1003 4782 quae
1019 4680 1062 4756 in
1084 4681 1213 4756 Prodr.
1264 4684 1364 4762 Flor.
1380 4686 1653 4784 Neapolitanae
1669 4709 1772 4764 anno

1279 4819 1360 4918 (25)
